<record><leader>00000cas a2200000 a 4500</leader><controlfield tag="001">19759154</controlfield><controlfield tag="008">890524d19891990kyuwr ne      0   a0eng d</controlfield><datafield ind1=" " ind2=" " tag="010"><subfield code="a">sn 89058421 </subfield></datafield><datafield ind1=" " ind2=" " tag="040"><subfield code="a">KNP</subfield><subfield code="b">eng</subfield><subfield code="c">KNP</subfield><subfield code="d">NSD</subfield><subfield code="d">KNP</subfield><subfield code="d">OCL</subfield><subfield code="d">OCLCQ</subfield><subfield code="d">KYUBL</subfield><subfield code="d">OCLCQ</subfield><subfield code="d">OCLCF</subfield><subfield code="d">OCLCO</subfield></datafield><datafield ind1=" " ind2=" " tag="012"><subfield code="j">0</subfield><subfield code="m">d</subfield></datafield><datafield ind1="1" ind2=" " tag="022"><subfield code="a">1046-0977</subfield><subfield code="l">1046-0977</subfield><subfield code="y">0896-3355</subfield><subfield code="2">1</subfield></datafield><datafield ind1="1" ind2=" " tag="029"><subfield code="a">AU@</subfield><subfield code="b">000020554708</subfield></datafield><datafield ind1=" " ind2=" " tag="037"><subfield code="b">Columbia Newsweek, P.O. Box 595, Columbia, KY 42728</subfield></datafield><datafield ind1=" " ind2=" " tag="042"><subfield code="a">msc</subfield><subfield code="a">nsdp</subfield></datafield><datafield ind1=" " ind2=" " tag="043"><subfield code="a">n-us-ky</subfield></datafield><datafield ind1=" " ind2="0" tag="222"><subfield code="a">Columbia newsweek</subfield></datafield><datafield ind1="0" ind2="0" tag="245"><subfield code="a">Columbia newsweek.</subfield></datafield><datafield ind1="3" ind2="0" tag="246"><subfield code="a">Columbia news week</subfield></datafield><datafield ind1=" " ind2=" " tag="260"><subfield code="a">Columbia, Ky. :</subfield><subfield code="b">Adair Progress,</subfield><subfield code="c">1989-1990.</subfield></datafield><datafield ind1=" " ind2=" " tag="300"><subfield code="a">v. :</subfield><subfield code="b">ill.</subfield></datafield><datafield ind1=" " ind2=" " tag="310"><subfield code="a">Weekly</subfield></datafield><datafield ind1="0" ind2=" " tag="362"><subfield code="a">Vol. 1, no. 1 (May 22, 1989)- v. 1, no. 43 (Mar. 27, 1990).</subfield></datafield><datafield ind1=" " ind2=" " tag="588"><subfield code="a">Latest issue consulted: Vol. 1, no. 9 (July 17, 1989).</subfield></datafield><datafield ind1=" " ind2="0" tag="651"><subfield code="a">Adair County (Ky.)</subfield><subfield code="v">Newspapers.</subfield></datafield><datafield ind1=" " ind2="0" tag="651"><subfield code="a">Columbia (Ky.)</subfield><subfield code="v">Newspapers.</subfield></datafield><datafield ind1=" " ind2="7" tag="655"><subfield code="a">Newspapers.</subfield><subfield code="2">fast</subfield><subfield code="0">(OCoLC)fst01423814</subfield></datafield><datafield ind1=" " ind2="7" tag="651"><subfield code="a">Kentucky</subfield><subfield code="z">Adair County.</subfield><subfield code="2">fast</subfield><subfield code="0">(OCoLC)fst01211107</subfield></datafield><datafield ind1=" " ind2="7" tag="651"><subfield code="a">Kentucky</subfield><subfield code="z">Columbia.</subfield><subfield code="2">fast</subfield><subfield code="0">(OCoLC)fst01229011</subfield></datafield><datafield ind1=" " ind2=" " tag="752"><subfield code="a">United States</subfield><subfield code="b">Kentucky</subfield><subfield code="c">Adair</subfield><subfield code="d">Columbia.</subfield></datafield><datafield ind1="0" ind2="0" tag="780"><subfield code="t">Adair County news-statesman</subfield><subfield code="w">(DLC)sn 89058422</subfield><subfield code="w">(OCoLC)19761961</subfield></datafield><datafield ind1="0" ind2="0" tag="785"><subfield code="t">Columbia news (Columbia, Ky.)</subfield><subfield code="x">1050-4311</subfield><subfield code="w">(DLC)sn 90004625</subfield><subfield code="w">(OCoLC)21487239</subfield></datafield></record>